


@article{Canclini2015,
  title={A Robust and Low-Complexity Source Localization
Algorithm for Asynchronous Distributed
Microphone Networks},
  author={A. Canclini and P. Bestagini and F. Antonacci and M. Compagnoni and A. Sarti and S. Tubaro},
  journal={IEEE/ACM Transactions on Audio, Speech, and Language Processing (TASLP)},
  volume={23},
  number={10},
  pages={1563--1575},
  year={2015},
}


@inproceedings{Doherty2001convex,
  title={Convex position estimation in wireless sensor networks},
  author={L. Doherty and K. S. J. Pister and L. E. Ghaoui,},
  booktitle={IEEE INFOCOM'01},
  pages={1655â€“1663},
  year={2001},
}

@inproceedings{Boyd2004,
  title={Convex Optimization},
  author={S. Boyd, and L. Vandenberghe},
  booktitle={Cambridge
University Press},
  year={2004},
}

@inproceedings{Griva2009,
  title={Linear and Nonlinear Optimization},
  author={I. Griva and S. Nash, and A. Sofer},
  booktitle={SIAM Press},
  year={2009},
}

@inproceedings{yedavalli2005ecolocation,
  title={Ecolocation: a sequence based technique for RF localization in wireless sensor networks},
  author={Yedavalli, Kiran and Krishnamachari, Bhaskar and Ravula, Sharmila and Srinivasan, Bhaskar},
  booktitle={IEEE/ACM IPSN'05},
  pages={38},
  year={2005},
}

@article{yedavalli2008sequence,
  title={Sequence-based localization in wireless sensor networks},
  author={Yedavalli, Kiran and Krishnamachari, Bhaskar},
  journal={IEEE Transactions on Mobile Computing (TMC)},
  volume={7},
  number={1},
  pages={81--94},
  year={2008},
  publisher={IEEE}
}


@inproceedings{he2003range,
  title={Range-free localization schemes for large scale sensor networks},
  author={He, Tian and Huang, Chengdu and Blum, Brian M and Stankovic, John A and Abdelzaher, Tarek},
  booktitle={ MOBICOM'03},
  pages={81--95},
  year={2003},
  organization={ACM}
}

@inproceedings{zhong2009tracking,
  title={Tracking with unreliable node sequences},
  author={Zhong, Ziguo and Zhu, Ting and Wang, Dan and He, Tian},
  booktitle={IEEE INFOCOM'09},
  pages={1215--1223},
  year={2009},
}



@inproceedings{zhong2009achieving,
  title={Achieving range-free localization beyond connectivity},
  author={Zhong, Ziguo and He, Tian},
  booktitle={ACM SenSys'09},
  pages={281--294},
  year={2009},
}

@article{zhong2011rsd,
  title={RSD: a metric for achieving range-free localization beyond connectivity},
  author={Zhong, Ziguo and He, Tian},
  journal={IEEE Transactions on Parallel and Distributed Systems (TPDS)},
  volume={22},
  number={11},
  pages={1943--1951},
  year={2011},
  publisher={IEEE}
}


@article{chakrabarty2002grid,
  title={Grid coverage for surveillance and target location in distributed sensor networks},
  author={Chakrabarty, Krishnendu and Iyengar, S Sitharama and Qi, Hairong and Cho, Eungchun},
  journal={IEEE Transactions on Computers (TOC)},
  volume={51},
  number={12},
  pages={1448--1453},
  year={2002},
  publisher={IEEE}
}

@article{ray2004robust,
  title={Robust location detection with sensor networks},
  author={Ray, Saikat and Starobinski, David and Trachtenberg, Ari and Ungrangsi, Rachanee},
  journal={IEEE Journal on Selected Areas in Communications (JSAC)},
  volume={22},
  number={6},
  pages={1016--1025},
  year={2004},
  publisher={IEEE}
}




1
@inproceedings{guo2011localising,
  title={Localising speech, footsteps and other sounds using resource-constrained devices},
  author={Guo, Yukang and Hazas, Mike},
  booktitle={IEEE/ACM IPSN'11},
  year={2011},
  pages={330--341},
}

Sequence-Based Localization in Wireless Sensor Networks

2
@inproceedings{sallai2011acoustic,
  title={Acoustic shooter localization with a minimal number of single-channel wireless sensor nodes},
  author={Sallai, J{\'a}nos and L{\'e}deczi, Akos and V{\"o}lgyesi, P{\'e}ter},
  Booktitle = {ACM SenSys'11},
  pages={96--107},
  year={2011}
}


3
@inproceedings{allen2008voxnet,
  title={Voxnet: An interactive, rapidly-deployable acoustic monitoring platform},
  author={Allen, Michael and Girod, Lewis and Newton, Ryan and Madden, Samuel and Blumstein, Daniel T and Estrin, Deborah},
  booktitle={IEEE/ACM IPSN'08},
  pages={371--382},
  year={2008}
}

4
@article{aarabi1900fusion,
  title={The fusion of distributed microphone arrays for sound localization},
  author={Aarabi, Parham},
  journal={EURASIP Journal on Advances in Signal Processing},
  volume={2003},
  number={4},
  pages={338--347},
  year={2003},
}

5
@inproceedings{wu2012fusion,
  title={Fusion of multiple microphone arrays for blind source separation and localization},
  author={Wu, Tao and Sun, Longji and Cheng, Qi and Varshney, Pramod K},
  booktitle={IEEE Sensor Array and Multichannel Signal Processing Workshop (SAM'12)},
  pages={173--176},
  year={2012},
}

6
@inproceedings{pertila2011closed,
  title={Closed-form self-localization of asynchronous microphone arrays},
  author={Pertila, P and Mieskolainen, Mikael and Hamalainen, MS},
  booktitle={IEEE Joint Workshop on Hands-free Speech Communication and Microphone Arrays (HSCMA'11)},
  pages={139--144},
  year={2011},
}

7
@article{ward2003particle,
  title={Particle filtering algorithms for tracking an acoustic source in a reverberant environment},
  author={Ward, Darren B and Lehmann, Eric A and Williamson, Robert C},
  journal={IEEE Transactions on Speech and Audio Processing},
  volume={11},
  number={6},
  pages={826--836},
  year={2003},
}

8
@inproceedings{sheng2004sequential,
  title={Sequential acoustic energy based source localization using particle filter in a distributed sensor network},
  author={Sheng, Xiaohong and Hu, Yu Hen},
  booktitle={IEEE International Conference on Acoustics, Speech, and Signal Processing (ICASSP'04)},
  volume={3},
  pages={iii--972},
  year={2004},
}

9 
@inproceedings{omologo1994acoustic,
  title={Acoustic event localization using a crosspower-spectrum phase based technique},
  author={Omologo, Maurizio and Svaizer, Piergiorgio},
  booktitle={IEEE International Conference on Acoustics, Speech, and Signal Processing (ICASSP'1994)},
  volume={2},
  pages={II--273},
  year={1994},
}

10
@article{cobos2011modified,
  title={A modified SRP-PHAT functional for robust real-time sound source localization with scalable spatial sampling},
  author={Cobos, Maximo and Marti, Amparo and Lopez, Jose J},
  journal={IEEE Signal Processing Letters},
  volume={18},
  number={1},
  pages={71--74},
  year={2011},
}

11 
@inproceedings{rabinkin1996dsp,
  title={DSP implementation of source location using microphone arrays},
  author={Rabinkin, Daniel V and Renomeron, Richard J and Dahl, AJ and French, Joseph C and Flanagan, James L and Bianchi, Mike},
  booktitle={SPIE International Symposium on Optical Science, Engineering, and Instrumentation},
  pages={88--99},
  year={1996},
}

12
@inproceedings{do2007real,
  title={A real-time SRP-PHAT source location implementation using stochastic region contraction (SRC) on a large-aperture microphone array},
  author={Do, Hoang and Silverman, Harvey F and Yu, Ying},
  booktitle={IEEE International Conference on Acoustics, Speech, and Signal Processing (ICASSP'07)},
  volume={1},
  pages={I--121},
  year={2007},
}
13
% TOA  2 tier
@inproceedings{wang2003acoustic,
  title={Acoustic target tracking using tiny wireless sensor devices},
  author={Wang, Qixin and Chen, Wei-Peng and Zheng, Rong and Lee, Kihwal and Sha, Lui},
  booktitle={IEEE/ACM IPSN'03},
  year={2003},
  pages={642--657},
}
14 
@article{chen2004dynamic,
  title={Dynamic clustering for acoustic target tracking in wireless sensor networks},
  author={Chen, Wei-Peng and Hou, Jennifer C and Sha, Lui},
  journal={IEEE Transactions on Mobile Computing (TMC)},
  year={2004},
    volume={3},
  number={3},
  pages={258--271},
}

15 
@article{hu2009design,
  title={Design and evaluation of a hybrid sensor network for cane toad monitoring},
  author={Hu, Wen and Bulusu, Nirupama and Chou, Chun Tung and Jha, Sanjay and Taylor, Andrew and Tran, Van Nghia},
  journal={ACM Transactions on Sensor Networks (TOSN)},
  volume={5},
  number={1},
  pages={4},
  year={2009},
}
16
%energy
booktitle={IEEE International Conference on Acoustics, Speech, and Signal Processing (ICASSP'05)},
@inproceedings{rabbat2005robust,
  title={Robust decentralized source localization via averaging.},
  author={Rabbat, Michael and Nowak, Robert and Bucklew, James A},
  booktitle={IEEE ICASSP'05},
  pages={1057--1060},
  year={2005},
}
17 
@article{kim2009locating,
  title={Locating acoustic events based on large-scale sensor networks},
  author={Kim, Yungeun and Ahn, Junho and Cha, Hojung},
  journal={Sensors},
  volume={9},
  number={12},
  pages={9925--9944},
  year={2009},
  publisher={Molecular Diversity Preservation International}
}
18 

@article{wang2008lightning,
  title={Lightning: a hard real-time, fast, and lightweight low-end wireless sensor election protocol for acoustic event localization},
  author={Wang, Qixin and Zheng, Rong and Tirumala, Ajay and Liu, Xue and Sha, Lui},
  journal={IEEE Transactions on Mobile Computing (TMC)},
  volume={7},
  number={5},
  pages={570--584},
  year={2008},
}
19 
@article{canclini2013acoustic,
  title={Acoustic source localization with distributed asynchronous microphone networks},
  author={Canclini, Antonio and Antonacci, E and Sarti, Augusto and Tubaro, Stefano},
  journal={IEEE Transactions on Audio, Speech, and Language Processing (TASLP)},
  volume={21},
  number={2},
  pages={439--443},
  year={2013},
}
