
@inproceedings{hassanieh2012nearly,
  title={Nearly optimal sparse Fourier transform},
  author={Hassanieh, Haitham and Indyk, Piotr and Katabi, Dina and Price, Eric},
  booktitle={Proceedings of the forty-fourth annual ACM symposium on Theory of computing},
  pages={563--578},
  year={2012},
  organization={ACM}
}

@inproceedings{hassanieh2012simple,
  title={Simple and practical algorithm for sparse Fourier transform},
  author={Hassanieh, Haitham and Indyk, Piotr and Katabi, Dina and Price, Eric},
  booktitle={Proceedings of the Twenty-Third Annual ACM-SIAM Symposium on Discrete Algorithms},
  pages={1183--1194},
  year={2012},
  organization={SIAM}
}

@inproceedings{gilbert2005improved,
  title={Improved time bounds for near-optimal sparse Fourier representations},
  author={Gilbert, Anna C and Muthukrishnan, S and Strauss, M},
  booktitle={Optics \& Photonics 2005},
  pages={59141A--59141A},
  year={2005},
  organization={International Society for Optics and Photonics}
}

@article{knapp1976generalized,
  title={The generalized correlation method for estimation of time delay},
  author={Knapp, Charles and Carter, G Clifford},
  journal={Acoustics, Speech and Signal Processing, IEEE Transactions on},
  volume={24},
  number={4},
  pages={320--327},
  year={1976},
  publisher={IEEE}
}

@inproceedings{brandstein1997robust,
  title={A robust method for speech signal time-delay estimation in reverberant rooms},
  author={Brandstein, Michael S and Silverman, Harvey F},
  booktitle={Acoustics, Speech, and Signal Processing, 1997. ICASSP-97., 1997 IEEE International Conference on},
  volume={1},
  pages={375--378},
  year={1997},
  organization={IEEE}
}

@article{huangshake,
  title={Shake and Walk: Acoustic Direction Finding and Fine-grained Indoor Localization Using Smartphones},
  author={Huang, Wenchao and Xiong, Yan and Li, Xiang-Yang and Lin, Hao and Mao, Xufei and Yang, Panlong and Liu, Yunhao}
}


@inproceedings{liu2013guoguo,
  title={Guoguo: Enabling fine-grained indoor localization via smartphone},
  author={Liu, Kaikai and Liu, Xinxin and Li, Xiaolin},
  booktitle={IEEE MobiSys},pages={235--248},
  year={2013},
  organization={ACM}
}

@inproceedings{valenzise2008resource,
  title={Resource constrained efficient acoustic source localization and tracking using a distributed network of microphones},
  author={Valenzise, Giuseppe and Prandi, Giorgio and Tagliasacchi, Marco and Sarti, Augusto},
  booktitle={Acoustics, Speech and Signal Processing, 2008. ICASSP 2008. IEEE International Conference on},
  pages={2581--2584},
  year={2008},
  organization={IEEE}
}

@article{sheng2005maximum,
  title={Maximum likelihood multiple-source localization using acoustic energy measurements with wireless sensor networks},
  author={Sheng, Xiaohong and Hu, Yu-Hen},
  journal={Signal Processing, IEEE Transactions on},
  volume={53},
  number={1},
  pages={44--53},
  year={2005},
  publisher={IEEE}
}

@inproceedings{sheng2003energy,
  title={Energy based acoustic source localization},
  author={Sheng, Xiaohong and Hu, Yu-Hen},
  booktitle={Information Processing in Sensor Networks},
  pages={285--300},
  year={2003},
  organization={Springer}
}

@article{meesookho2008energy,
  title={On energy-based acoustic source localization for sensor networks},
  author={Meesookho, Chartchai and Mitra, Urbashi and Narayanan, Shrikanth},
  journal={Signal Processing, IEEE Transactions on},
  volume={56},
  number={1},
  pages={365--377},
  year={2008},
  publisher={IEEE}
}

@article{blatt2006energy,
  title={Energy-based sensor network source localization via projection onto convex sets},
  author={Blatt, Doron and Hero, Alfred O},
  journal={Signal Processing, IEEE Transactions on},
  volume={54},
  number={9},
  pages={3614--3619},
  year={2006},
  publisher={IEEE}
}

@article{sheng2005maximum,
  title={Maximum likelihood multiple-source localization using acoustic energy measurements with wireless sensor networks},
  author={Sheng, Xiaohong and Hu, Yu-Hen},
  journal={Signal Processing, IEEE Transactions on},
  volume={53},
  number={1},
  pages={44--53},
  year={2005},
  publisher={IEEE}
}

@article{li2003energy,
  title={Energy-based collaborative source localization using acoustic microsensor array},
  author={Li, Dan and Hu, Yu Hen},
  journal={EURASIP Journal on Applied Signal Processing},
  volume={2003},
  pages={321--337},
  year={2003},
  publisher={Hindawi Publishing Corp.}
}

@inproceedings{savarese2001location,
  title={Location in distributed ad-hoc wireless sensor networks},
  author={Savarese, Chris and Rabaey, Jan M and Beutel, Jan},
  booktitle={Acoustics, Speech, and Signal Processing, 2001. Proceedings.(ICASSP'01). 2001 IEEE International Conference on},
  volume={4},
  pages={2037--2040},
  year={2001},
  organization={IEEE}
}

@inproceedings{estrin2001instrumenting,
  title={Instrumenting the world with wireless sensor networks},
  author={Estrin, Deborah and Girod, Lewis and Pottie, Greg and Srivastava, Mani},
  booktitle={Acoustics, Speech, and Signal Processing, 2001. Proceedings.(ICASSP'01). 2001 IEEE International Conference on},
  volume={4},
  pages={2033--2036},
  year={2001},
  organization={IEEE}
}


@article{hofman1998relearning,
  title={Relearning sound localization with new ears},
  author={Hofman, Paul M and Van Riswick, Jos GA and Van Opstal, A John},
  journal={Nature neuroscience},
  volume={1},
  number={5},
  pages={417--421},
  year={1998},
  publisher={Nature Publishing Group}
}

@Inproceedings{wang2005acoustic,
  Title                    = {Acoustic sensor networks for woodpecker localization},
  Author                   = {Wang, Hanbiao and Chen, Chiao-En and Ali, Andreas and Asgari, Shadnaz and Hudson, Ralph E and Yao, Kung and Estrin, Deborah and Taylor, Charles},
  Booktitle                = {Optics \& Photonics 2005},
  Year                     = {2005},
  Organization             = {International Society for Optics and Photonics}
}

@article{collier2010acoustic,
  title={Acoustic localization of antbirds in a Mexican rainforest using a wireless sensor network},
  author={Collier, Travis C and Kirschel, Alexander NG and Taylor, Charles E},
  journal={The Journal of the Acoustical Society of America},
  volume={128},
  number={1},
  pages={182--189},
  year={2010},
  publisher={Acoustical Society of America}
}

@article{xia2013vspsa,
  title={VSPSA for acoustic source localization in wireless sensor networks},
  author={Xia, Na and Du, Huazheng and Li, Shuangjiang and Zheng, Rong and Feng, Ruji},
  journal={Ad-hoc \& sensor wireless networks},
  volume={19},
  number={3-4},
  pages={277--304},
  year={2013},
}

@inproceedings{bahroun2012new,
  title={New SO-TDOA algorithm using elastic waves propagation for footstep localization},
  author={Bahroun, Rim and Michel, Olivier and Frassati, Fran{\c{c}}ois and Carmona, Mikael and Lacoume, J},
  booktitle={Signal Processing (ICSP), 2012 IEEE 11th International Conference on},
  volume={3},
  pages={2057--2062},
  year={2012},
  organization={IEEE}
}

@incollection{you2006scalable,
  title={Scalable and low-cost acoustic source localization for wireless sensor networks},
  author={You, YoungBin and Cha, HoJung},
  booktitle={Ubiquitous Intelligence and Computing},
  pages={517--526},
  year={2006},
  publisher={Springer}
}


@inproceedings{ali2007empirical,
  title={An empirical study of collaborative acoustic source localization},
  author={Ali, Andreas M and Yao, Kung and Collier, Travis C and Taylor, Charles E and Blumstein, Daniel T and Girod, Lewis},
  booktitle={Proceedings of the 6th international conference on Information processing in sensor networks},
  pages={41--50},
  year={2007},
  organization={ACM}
}

@article{kim2009locating,
  title={Locating acoustic events based on large-scale sensor networks},
  author={Kim, Yungeun and Ahn, Junho and Cha, Hojung},
  journal={Sensors},
  volume={9},
  number={12},
  pages={9925--9944},
  year={2009},
  publisher={Molecular Diversity Preservation International}
}

@inproceedings{you2007event,
  title={Event Region for Effective Distributed Acoustic Source Localization in Wireless Sensor Networks},
  author={You, Youngbin and Yoo, Jaehyun and Cha, Hojung},
  booktitle={WCNC},
  pages={2762--2767},
  year={2007}
}

@article{minerodistributed,
  title={A Distributed Localization System for Sensor Networks},
  author={Minero, Paolo and Ergen, Mustafa and Bahai, Ahmad}
}

@article{liu2005acoustic,
  title={Acoustic positioning using multiple microphone arrays},
  author={Liu, Hui and Milios, Evangelos},
  journal={The Journal of the Acoustical Society of America},
  volume={117},
  number={5},
  pages={2772--2782},
  year={2005},
  publisher={Acoustical Society of America}
}

@inproceedings{wu2012fusion,
  title={Fusion of multiple microphone arrays for blind source separation and localization},
  author={Wu, Tao and Sun, Longji and Cheng, Qi and Varshney, Pramod K},
  booktitle={Sensor Array and Multichannel Signal Processing Workshop (SAM), 2012 IEEE 7th},
  pages={173--176},
  year={2012},
  organization={IEEE}
}


@article{aarabi1900fusion,
  title={The fusion of distributed microphone arrays for sound localization},
  author={Aarabi, Parham},
  journal={EURASIP Journal on Advances in Signal Processing},
  volume={2003},
  number={4},
  pages={338--347},
  year={1900},
  publisher={Hindawi Publishing Corporation}
}

@article{sallai2011weapon,
  title={Weapon classification and shooter localization using distributed multichannel acoustic sensors},
  author={Sallai, Janos and Hedgecock, Will and Volgyesi, Peter and Nadas, Andras and Balogh, Gyorgy and Ledeczi, Akos},
  journal={Journal of Systems Architecture},
  volume={57},
  number={10},
  pages={869--885},
  year={2011},
  publisher={Elsevier}
}

@article{blumstein2011acoustic,
  title={Acoustic monitoring in terrestrial environments using microphone arrays: applications, technological considerations and prospectus},
  author={Blumstein, Daniel T and Mennill, Daniel J and Clemins, Patrick and Girod, Lewis and Yao, Kung and Patricelli, Gail and Deppe, Jill L and Krakauer, Alan H and Clark, Christopher and Cortopassi, Kathryn A and others},
  journal={Journal of Applied Ecology},
  volume={48},
  number={3},
  pages={758--767},
  year={2011},
  publisher={Wiley Online Library}
}



@article{collier2010acoustic,
  title={Acoustic localization of antbirds in a Mexican rainforest using a wireless sensor network},
  author={Collier, Travis C and Kirschel, Alexander NG and Taylor, Charles E},
  journal={The Journal of the Acoustical Society of America},
  volume={128},
  number={1},
  pages={182--189},
  year={2010},
  publisher={Acoustical Society of America}
}

@inproceedings{allen2008voxnet,
  title={Voxnet: An interactive, rapidly-deployable acoustic monitoring platform},
  author={Allen, Michael and Girod, Lewis and Newton, Ryan and Madden, Samuel and Blumstein, Daniel T and Estrin, Deborah},
  booktitle={Proceedings of the 7th international conference on Information processing in sensor networks},
  pages={371--382},
  year={2008},
  organization={IEEE Computer Society}
}


@inproceedings{astapov2013simplified,
  title={Simplified acoustic localization by linear arrays for wireless sensor networks},
  author={Astapov, Sergei and Preden, Jurgo-Soren and Berdnikova, Julia},
  booktitle={Digital Signal Processing (DSP), 2013 18th International Conference on},
  pages={1--6},
  year={2013},
  organization={IEEE}
}

@phdthesis{dibiase2000high,
  title={A high-accuracy, low-latency technique for talker localization in reverberant environments using microphone arrays},
  author={DiBiase, Joseph Hector},
  year={2000},
  school={Brown University}
}




@Article{ledeczi2005countersniper,
  Title                    = {Countersniper system for urban warfare},
  Author                   = {L{\'e}deczi, {\'A}kos and N{\'a}das, Andr{\'a}s and V{\"o}lgyesi, P{\'e}ter and Balogh, Gy{\"o}rgy and Kusy, Branislav and Sallai, J{\'a}nos and Pap, G{\'a}bor and D{\'o}ra, Sebesty{\'e}n and Moln{\'a}r, K{\'a}roly and Mar{\'o}ti, Mikl{\'o}s and others},
  Journal                  = {ACM Transactions on Sensor Networks},
  Year                     = {2005},
}

@InProceedings{rabbat2004decentralized,
  Title                    = {Decentralized source localization and tracking},
  Author                   = {Rabbat, Michael G and Nowak, Robert D},
  Booktitle                = {IEEE ICASSP},
  Year                     = {2004},
}

@InProceedings{sheng2003energy,
  Title                    = {Energy based acoustic source localization},
  Author                   = {Sheng, Xiaohong and Hu, Yu-Hen},
  Booktitle                = {IEEE/ACM IPSN},
  Year                     = {2003},
}

@inproceedings{qiu2011feasibility,
  title={On the feasibility of real-time phone-to-phone 3d localization},
  author={Qiu, Jian and Chu, David and Meng, Xiangying and Moscibroda, Thomas},
  booktitle={ACM SenSys},
  year={2011}

}

@inproceedings{wang2003acoustic,
  title={Acoustic target tracking using tiny wireless sensor devices},
  author={Wang, Qixin and Chen, Wei-Peng and Zheng, Rong and Lee, Kihwal and Sha, Lui},
  booktitle={IEEE/ACM IPSN},
  year={2003},
}

@article{chen2004dynamic,
  title={Dynamic clustering for acoustic target tracking in wireless sensor networks},
  author={Chen, Wei-Peng and Hou, Jennifer C and Sha, Lui},
  journal={IEEE Transactions on Mobile Computing},
  year={2004}

}


@article{venkateswaran2012localizing,
  title={Localizing multiple events using times of arrival: A parallelized, hierarchical approach to the association problem},
  author={Venkateswaran, Sriram and Madhow, Upamanyu},
  journal={IEEE Transactions on Signal Processing},
  year={2012}

}

@article{masazade2010energy,
  title={Energy aware iterative source localization for wireless sensor networks},
  author={Masazade, Engin and Niu, Ruixin and Varshney, Pramod K and Keskinoz, Mehmet},
  journal={IEEE Transactions on Signal Processing},
  year={2010}
}

@article{canclini2013acoustic,
  title={Acoustic source localization with distributed asynchronous microphone networks},
  author={Canclini, Antonio and Antonacci, E and Sarti, Augusto and Tubaro, Stefano},
  journal={IEEE Transactions on Audio, Speech, and Language Processing},
  year={2013}
}

@inproceedings{guo2010acoustic,
  title={Acoustic source localization of everyday sounds using wireless sensor networks},
  author={Guo, Yukang and Hazas, Mike},
  booktitle={ACM UbiCom},
  year={2010}

}

@inproceedings{zhong2009tracking,
  title={Tracking with unreliable node sequences},
  author={Zhong, Ziguo and Zhu, Ting and Wang, Dan and He, Tian},
  booktitle={IEEE INFOCOM},
  year={2009},
}



@Article{wang2008lightning,
  Title                    = {Lightning: a hard real-time, fast, and lightweight low-end wireless sensor election protocol for acoustic event localization},
  Author                   = {Wang, Qixin and Zheng, Rong and Tirumala, Ajay and Liu, Xue and Sha, Lui},
  Journal                  = {IEEE Transactions on Mobile Computing},
  Year                     = {2008}

}

@inproceedings{guo2011localising,
  title={Localising speech, footsteps and other sounds using resource-constrained devices},
  author={Guo, Yukang and Hazas, Mike},
  booktitle={IEEE/ACM IPSN},
  year={2011},
}


@InProceedings{sallai2011acoustic,
  Title                    = {Acoustic shooter localization with a minimal number of single-channel wireless sensor nodes},
  Author                   = {Sallai, J{\'a}nos and L{\'e}deczi, {\'A}kos and V{\"o}lgyesi, P{\'e}ter},
  Booktitle                = {ACM SenSys},
  Year                     = {2011},
}


@inproceedings{kaplan2001maximum,
  title={Maximum likelihood methods for bearings-only target localization},
  author={Kaplan, Lance M and Le, Qiang and Molnar, N},
  booktitle={IEEE ICASSP},
  year={2001},
}

@inproceedings{hummes2011robust,
  title={Robust Acoustic Speaker Localization with Distributed Microphones},
  author={Hummes, Frithjof and Qi, Junge and Fingscheidt, Tim},
  booktitle={EUSIPCO},
  year={2011}
}

@inproceedings{jin2011scalable,
  title={Scalable and fully distributed localization with mere connectivity},
  author={Jin, Miao and Xia, Su and Wu, and others},
  booktitle={IEEE INFOCOM },
  year={2011}
}
@article{yedavalli2008sequence,
  title={Sequence-based localization in wireless sensor networks},
  author={Yedavalli, Kiran and Krishnamachari, Bhaskar},
  journal={IEEE Transactions on Mobile Computing},
  year={2008}
}


@article{vitaliy2011direction,
  title={Direction of Arrival Estimation and Localization Using Acoustic Sensor Arrays},
  author={Vitaliy, Kunin and Marcos, Turqueti and Jafar, and others},
  journal={Journal of Sensor Technology},
  year={2011},
  publisher={Scientific Research Publishing}
}
@inproceedings{liu2013towards,
  title={Towards accurate acoustic localization on a smartphone},
  author={Liu, Kaikai and Liu, Xinxin and Xie, Lulu and Li, Xiaolin},
  booktitle={IEEE INFOCOM},
  year={2013}
}


@inproceedings{peng2007beepbeep,
  title={Beepbeep: a high accuracy acoustic ranging system using cots mobile devices},
  author={Peng, Chunyi and Shen, Guobin and Zhang, Yongguang and Li,and others},
  booktitle={ACM SenSys},
  year={2007}
}

@inproceedings{fu2012orthogonal,
  title={Orthogonal cut algorithm for value-based event localization in sensor networks},
  author={Fu, Desheng and Becker, Matthias and Schaust, Sven and Szczerbicka, Helena},
  booktitle={IEEE MASS},
  year={2012}
}


@inproceedings{volgyesi2007shooter,
  title={Shooter localization and weapon classification with soldier-wearable networked sensors},
  author={Volgyesi, Peter and Balogh, Gyorgy and Nadas, Andras and Nash, Christopher B and Ledeczi, Akos},
  booktitle={Proceedings of the 5th international conference on Mobile systems, applications and services},
  year={2007}
}

}

@article{xu2013high,
  title={High-Accuracy TDOA-Based Localization without Time Synchronization},
  author={Xu, Bin and Sun, Guodong and Yu},
  journal={IEEE Transactions on Parallel and Distributed System},
  year={2013}
}


@inproceedings{xu2011whistle,
  title={Whistle: Synchronization-free tdoa for localization},
  author={Xu, Bin and Yu, Ran and Sun},
  booktitle={IEEE ICDCS},
  year={2011}
}